<?xml version="1.0" encoding="UTF-8"?>
<collection xmlns:xsi="http://www.w3.org/2001/XMLSchema-instance" xsi:schemaLocation="http://www.loc.gov/MARC21/slim http://www.loc.gov/standards/marcxml/schema/MARC21slim.xsd" xmlns="http://www.loc.gov/MARC21/slim">
<record>
  <leader>01444cam a2200289 a 4500</leader>
  <controlfield tag="001">2957858</controlfield>
  <controlfield tag="003">NNC</controlfield>
  <controlfield tag="005">20100224234420.0</controlfield>
  <controlfield tag="008">800129s1971    ir       b    000 0 arard</controlfield>
  <datafield tag="010" ind1=" " ind2=" ">
    <subfield code="a">   74220994 </subfield>
  </datafield>
  <datafield tag="035" ind1=" " ind2=" ">
    <subfield code="a">(OCoLC)264888536</subfield>
  </datafield>
  <datafield tag="035" ind1=" " ind2=" ">
    <subfield code="a">(OCoLC)ocn264888536</subfield>
  </datafield>
  <datafield tag="035" ind1=" " ind2=" ">
    <subfield code="9">ASK2954CU</subfield>
  </datafield>
  <datafield tag="035" ind1=" " ind2=" ">
    <subfield code="a">(NNC)2957858</subfield>
  </datafield>
  <datafield tag="040" ind1=" " ind2=" ">
    <subfield code="a">DLC</subfield>
    <subfield code="c">DLC</subfield>
    <subfield code="d">MH</subfield>
    <subfield code="d">CStRLIN</subfield>
    <subfield code="d">UkMaJRU</subfield>
  </datafield>
  <datafield tag="066" ind1=" " ind2=" ">
    <subfield code="c">(3</subfield>
  </datafield>
  <datafield tag="100" ind1="1" ind2=" ">
    <subfield code="6">880-01</subfield>
    <subfield code="a">ʻAṣṣār, Muḥammad Kāẓim.</subfield>
  </datafield>
  <datafield tag="245" ind1="1" ind2="0">
    <subfield code="6">880-02</subfield>
    <subfield code="a">Thalāth rasāʾil fī al-ḥikmah al-Islāmīyah :</subfield>
    <subfield code="b">waḥdat al-wujūd, shadharāt fī al-jabr wa-al-ikhtiyār, ijābat al-duʻāʾ fī masʾalat al-badāʾ /</subfield>
    <subfield code="c">li-Muḥammad Kāẓim ʻAṣṣār ; naqalahā ilā al-ʻArabīyah Ṣalāḥ al-Ṣāwī.</subfield>
  </datafield>
  <datafield tag="260" ind1=" " ind2=" ">
    <subfield code="6">880-03</subfield>
    <subfield code="a">[Ṭihrān :</subfield>
    <subfield code="b">al-Maktabah al-Murtaḍawīyah,</subfield>
    <subfield code="c">1971 or 2]</subfield>
  </datafield>
  <datafield tag="300" ind1=" " ind2=" ">
    <subfield code="a">120 p.</subfield>
    <subfield code="c">25 cm.</subfield>
  </datafield>
  <datafield tag="504" ind1=" " ind2=" ">
    <subfield code="a">Includes bibliographical references.</subfield>
  </datafield>
  <datafield tag="650" ind1=" " ind2="0">
    <subfield code="a">Islam</subfield>
    <subfield code="x">Doctrines.</subfield>
  </datafield>
  <datafield tag="880" ind1="1" ind2=" ">
    <subfield code="6">100-01/(3/r</subfield>
    <subfield code="a">عصار، محمد كاظم.</subfield>
  </datafield>
  <datafield tag="880" ind1="1" ind2="0">
    <subfield code="6">245-02/(3/r</subfield>
    <subfield code="a">ثلاث رسائل في الحكمة الإسلامية :</subfield>
    <subfield code="b">وحدة الوجود، شذرات في الجبر و الاختيار، إجابة الدعاء في مسألة البداء /</subfield>
    <subfield code="c">لمحمد كاظم عصار ؛ نقلها إلى العربية صلاح الصاوي.</subfield>
  </datafield>
  <datafield tag="880" ind1=" " ind2=" ">
    <subfield code="6">260-03/(3/r</subfield>
    <subfield code="a">[طهران ؟:</subfield>
    <subfield code="b">المكتبة المرتضوية،</subfield>
    <subfield code="c">١٩٧١ أو ٢]</subfield>
  </datafield>
  <datafield tag="955" ind1=" " ind2=" ">
    <subfield code="b">CU55319173</subfield>
    <subfield code="d">off,glx</subfield>
    <subfield code="e">BP166 .A84</subfield>
  </datafield>
</record>
</collection>